3018 4922
505 1137 899 1264 PRAEFATIO.

212 1445 397 1514 Victorinus
420 1446 586 1532 1191111111,
608 1446 700 1530 cujus
726 1447 792 1529 „De
812 1447 884 1531 jure
907 1451 1001 1513 terrae
1020 1447 1183 1513 Bohemiaa
1205 1446 1304 1514 libros

16 1541 18 1642 ξ
112 1552 241 1616 novem“
277 1551 310 1616 in
339 1552 444 1618 lucem
477 1571 562 1620 nunc
592 1550 760 1633 edidimus,
794 1555 888 1618 natus
919 1555 969 1618 est
997 1553 1030 1616 in
1058 1549 1187 1618 civitate
1216 1551 1305 1634 regia

16 1645 18 1734 ξ
113 1653 347 1736 chrudimensi,
384 1661 477 1739 patre
508 1655 653 1722 Iandsek
690 1660 723 1719 et
753 1659 853 1722 matre
887 1655 1038 1737 Barbara,
1080 1655 1164 1724 inter
1204 1675 1304 1722 annos
1441 1710 1444 1720 .

16 1747 18 1840 ξ
116 1761 195 1825 1450
218 1765 254 1825 et
281 1761 372 1826 1460.

16 1853 18 1906 t
211 1863 252 1944 In
286 1863 451 1931 academia
484 1864 636 1948 Progensi
670 1883 766 1948 quum
797 1881 906 1930 omnes
936 1863 1086 1931 liberales
1116 1869 1202 1930 artes
1232 1883 1304 1947 per-

114 1965 290 2049 didicisset,
326 1969 368 2034 ad
401 1969 633 2052 amplissimum
656 1969 800 2052 magistri
833 1969 967 2052 madum
1000 1975 1167 2050 promotus
1201 1967 1304 2052 philo·

113 2071 258 2153 sophiam
289 2072 403 2138 docere
433 2073 539 2162 coepit
572 2078 669 2154 atque
698 2073 750 2140 sui
783 2071 904 2140 ordinis
935 2073 1075 2138 decanus
1098 2078 1149 2138 est
1182 2072 1304 2137 electus

116 2177 378 2258 (1482-1484),
492 2253 496 2264 ,
627 2187 630 2194 ’

213 2279 343 2346 Relicto
377 2280 512 2347 docendi
545 2299 678 2348 munere
707 2285 749 2352 ad
778 2299 831 2348 res
864 2279 1009 2347 forenses
1043 2299 1078 2348 sa
1113 2280 1247 2346 contulit
1273 2286 1306 2346 et

16 2399 17 2404 ¹
114 2381 211 2460 primo
247 2383 335 2466 apud
365 2384 492 2450 tabulas
515 2387 731 2469 procuratoris
761 2387 1005 2452 camerariorum
1028 2389 1061 2451 et
1081 2383 1307 2466 ingrossatoris

17 2533 19 2560 ,
115 2483 214 2552 officio
239 2487 381 2568 Iunctus,
416 2488 544 2554 tandem
571 2489 653 2555 1493
675 2489 890 2556 utccnotariua
924 2489 1105 2556 tabulamm
1132 2492 1227 2555 terras
1257 2497 1307 2555 est

114 2589 305 2657 nominatus.

17 2769 19 2792 μ
213 2695 307 2760 Inter
347 2695 461 2761 horum
498 2716 664 2764 munerum
706 2697 1013 2766 administrationem
1054 2698 1230 2765 sententias
1274 2705 1307 2764 et

17 2793 19 2796 ’
115 2797 243 2865 decreta
274 2799 307 2864 in
329 2799 449 2866 tabuiis
478 2802 657 2884 perscripta
686 2802 856 2882 diligenter
888 2802 1055 2883 lectitavit,
1089 2803 1205 2885 quibus
1234 2821 1306 2885 per·

17 2975 18 2998 ,
115 2901 297 2969 salutandis
320 2904 434 2968 miram
461 2904 549 2969 illam
579 2905 663 2988 juris
696 2904 794 2988 patrii
827 2905 994 2974 scientiam
1028 2912 1079 2972 est
1107 2913 1307 2988 consecutus

36 3081 40 3092 Ι
117 3024 175 3090 qna
198 3007 303 3072 libros
326 3008 397 3090 ejus
420 3007 554 3074 refertos
577 3027 649 3074 csse
671 3009 826 3076 videmus.

214 3111 385 3194 Tempore,
401 3111 487 3195 quod
501 3111 585 3180 inter
600 3133 628 3180 a.
647 3116 728 3182 1488
751 3119 785 3180 ot
801 3115 884 3181 1494
905 3114 1059 3198 interfuit,
1081 3115 1308 3182 amicissimum

115 3211 226 3280 habuit
249 3216 448 3283 Bohuslaum
471 3216 720 3285 Hassisteinium
750 3237 770 3284 a
792 3218 964 3302 Loblsovic
997 3220 1161 3286 itterarum
1191 3237 1308 3301 graeca

115 3336 181 3384 mm
204 3321 444 3404 latinarumque
467 3322 582 3388 studita
604 3322 637 3388 in
659 3322 813 3389 Bohemia
835 3329 911 3389 tunc
941 3323 1195 3407 inclytissimum.

218 3422 470 3492 Celeberrimum
493 3444 574 3507 opus
597 3445 690 3492 suum
713 3426 853 3492 scribere
875 3445 1046 3510 aggressus
1076 3433 1126 3494 est
1147 3426 1308 3510 prioribus

18 3531 19 3538 ’
117 3545 169 3593 sex
202 3528 368 3595 mansibus
402 3529 478 3595 anni
511 3529 602 3596 1495.
648 3531 691 3597 Et
718 3532 820 3613 primo
850 3531 978 3615 quidem
1008 3535 1107 3598 totam
1144 3533 1309 3598 materiem

116 3637 185 3698 octo
205 3631 300 3698 libris
321 3632 486 3700 includere
501 3639 667 3710 statuerat,
689 3643 802 3718 postea
821 3655 898 3704 vero
919 3635 1036 3702 librum
1057 3655 1175 3704 nonum
1191 3635 1309 3702 addere

117 3736 258 3802 animum
284 3738 417 3804 induxit.
463 3737 625 3818 Quantum
655 3758 673 3804 e
703 3740 894 3822 quibusdam
923 3740 1062 3821 indiciis,
1093 3759 1165 3823 quae
1193 3741 1226 3805 in
1248 3739 1310 3804 hoc

117 3856 213 3924 opere
237 3841 355 3925 insunt,
378 3848 544 3910 autumare
566 3841 651 3924 licet,
673 3841 859 3911 Victorinus
882 3846 1073 3928 conscripsIt
1094 3844 1194 3909 libros
1209 3844 1244 3921 1.,
1267 3842 1308 3905 II.

118 3950 149 4009 ct
168 3945 228 4012 III.
253 3964 335 4012 anno
368 3947 459 4024 1495,
489 3947 589 4012 libros
619 3947 671 4014 lv.
696 3954 729 4014 et
751 3947 788 4014 V.
812 3948 1044 4033 posterioribus
1067 3967 1123 4014 ser
1145 3945 1309 4011 mensibus

118 4049 191 4114 anni
225 4050 318 4133 1496,
354 4050 455 4117 libros
489 4049 553 4132 vi,
584 4051 652 4118 VII.
688 4058 721 4117 et
757 4053 842 4120 VIII.
884 4059 1092 4135 posteaquam
1123 4046 1310 4116 vicenotarii

118 4168 251 4218 munere
272 4152 361 4236 iungi
376 4153 482 4236 desiit,
506 4156 591 4238 quod
613 4156 720 4225 evenit
736 4157 862 4224 circiter
884 4157 996 4223 Idibus
1011 4151 1136 4219 Martiis
1154 4171 1182 4217 a.
1209 4149 1310 4227 14973

119 4253 237 4323 librum
259 4258 315 4324 IX.
349 4259 472 4325 addidit
497 4279 524 4326 a.
551 4261 761 4327 1498-1499
816 4261 931 4328 Totum
954 4275 1035 4341 opus
1059 4256 1311 4320 consummatum

121 4366 169 4428 est
190 4380 276 4427 anno
304 4364 392 4430 1499.
