3018 4922
164 349 209 414 IV

268 559 463 639 Victorinus,
487 578 581 641 quern
604 557 799 624 wladislaus
823 579 877 624 rex
908 560 1011 626 ordini
1034 561 1189 626 nobilium
1219 560 1371 642 adscrip-

165 667 251 728 scrat
270 663 378 728 addito
402 663 587 741 cognomine
603 683 621 727 a
636 663 762 729 Viehrd
785 668 818 728 et
831 665 949 746 insigni
975 666 1144 746 gentilitio,
1167 683 1248 746 opus
1267 681 1372 728 suum

164 767 336 833 baronibus
360 767 441 833 Kost
442 768 547 833 lionis
585 788 604 832 a
633 768 710 833 Post
697 769 794 850 tupic,
828 769 974 851 patronis
1004 768 1072 833 suis
1110 775 1142 833 et
1129 767 1238 833 ttiau
1241 768 1369 854 oribus,

165 871 333 950 dedicavit,
365 876 506 936 atatmen
529 889 650 936 memor
673 871 823 955 praecepti
847 871 935 968 illius
957 871 1123 938 Horatiani
1148 877 1222 936 ante
1244 890 1370 937 noven-

164 975 253 1040 nium
296 973 453 1054 publicari
493 975 606 1039 noluit
666 978 772 1056 Atque
820 976 890 1040 sic
909 975 1017 1040 exstiti
1006 974 1213 1040 rtalterum
1254 976 1369 1059 operis

166 1079 354 1160 exemplum,
378 1078 494 1160 quod
485 1097 557 1161 rpso
589 1080 765 1146 Wladisloo
788 1081 857 1160 regi
880 1079 966 1158 dicat
953 1085 1019 1146 tum
1043 1081 1155 1161 (1508)
1178 1079 1369 1146 Victorinus

166 1181 384 1248 authenticum
407 1181 581 1248 declaravit
568 1189 589 1248 t.

268 1285 425 1350 Victorini
456 1304 537 1368 opus
551 1286 694 1372 simulac
716 1287 749 1352 in
771 1306 885 1353 manus
907 1287 1072 1352 hominum
1103 1286 1198 1366 venit,
1232 1286 1369 1350 maximi

166 1389 394 1472 aestimabatur,
417 1390 504 1472 quod
526 1409 564 1456 es
587 1407 720 1456 numero
744 1392 958 1476 exenrplorum
989 1392 1120 1457 ineunte
1151 1390 1268 1457 saeculo
1291 1389 1367 1456 XV.

166 1493 397 1576 descriptorum
414 1495 528 1580 conjici
550 1500 666 1577 potest.
701 1495 798 1579 Typis
814 1496 1058 1575 describendum
1082 1515 1110 1562 a.
1136 1495 1367 1578 1841prirnus

166 1599 290 1664 curavit
311 1597 359 1662 W.
383 1597 508 1663 Hanka.
552 1598 621 1664 Nos
643 1598 676 1663 in
692 1599 789 1666 hacce
806 1601 957 1682 editione,
982 1600 1077 1666 sicuti
1100 1600 1217 1666 Hanka
1232 1597 1368 1682 fecerat,

167 1702 269 1768 secuti
292 1719 401 1768 sumus
425 1721 498 1768 eum
520 1704 688 1770 verborum
720 1709 911 1785 contextum,
948 1723 1042 1787 quem
1072 1703 1251 1786 exemplum
1272 1701 1368 1769 ula-

167 1805 268 1871 dislao
292 1806 431 1872 dicatum
463 1808 600 1888 exbibet,
639 1808 684 1872 ita
714 1813 830 1890 tamen,
861 1815 898 1873 ut
919 1793 1174 1892 adjungeremus
1187 1807 1368 1873 lectionum

166 1909 350 1990 sauciatos,
388 1930 470 1992 quae
507 1914 540 1978 in
575 1912 728 1996 exemplis
764 1912 880 1995 prioris
917 1912 1016 1995 script
1017 1913 1099 1979 ionis
1129 1912 1369 1991 inveneramus,

167 2031 230 2096 quo
254 2018 340 2080 certe
370 2013 603 2095 effecimustut
632 2016 806 2098 legentium
836 2016 938 2082 oculis
964 2015 1161 2101 judiciisque
1193 2015 1368 2095 utriusque

168 2119 251 2208 scrip
253 2118 350 2184 tionis
374 2119 561 2184 conformat
538 2123 584 2186 tro
607 2121 804 2203 subjiciatur.

270 2223 354 2289 Praet
340 2227 390 2289 ter
423 2240 504 2305 opus
539 2224 678 2306 dejure
713 2230 808 2290 terrae
840 2224 1003 2290 Bohcmiae
1033 2223 1216 2290 Victorinus
1239 2223 1370 2304 aliquot

177 2329 263 2395 ibros
283 2347 325 2394 ss.
341 2328 470 2394 Petrum
489 2328 732 2411 (Chrysostomi,
756 2328 952 2412 Cyprianilin
968 2345 1145 2394 sermonem
1160 2327 1368 2392 bohemicum

169 2432 335 2512 convertit,
359 2437 454 2515 atquc
478 2433 517 2497 dc
537 2432 610 2517 jure
633 2433 719 2498 civili
738 2434 896 2499 communi
909 2451 989 2515 opus
1013 2431 1167 2499 conficere
1190 2430 1222 2494 in
1245 2448 1367 2512 propo·

168 2537 240 2602 sitis
262 2535 384 2600 habuit.

271 2639 465 2721 Victorinus,
497 2640 551 2723 qui
582 2646 651 2706 erat
674 2640 753 2707 satis
782 2641 936 2724 locuples,
969 2641 1079 2724 Pragm
1113 2658 1140 2704 a.
1176 2639 1261 2704 1520
1292 2637 1368 2704 sine

167 2744 279 2810 liberis
296 2744 444 2824 decessit,
467 2743 656 2827 absunrptus
678 2745 873 2826 pestilentia,
902 2762 973 2826 quae
997 2749 1064 2809 tum
1086 2744 1151 2809 lato
1174 2740 1367 2824 vagabatur.

168 2849 330 2914 Bonorum
370 2846 510 2913 omnium
546 2847 696 2912 heredem
740 2846 816 2913 iecit
857 2865 989 2913 uxorem
1038 2865 1127 2912 suam
1173 2845 1368 2928 Apollenanr

36 3037 38 3042 ι
170 2953 210 3016 de
232 2951 334 3018 Diinl.

272 3055 428 3122 Victorini
458 3057 497 3122 de
515 3056 764 3140 juchohemiae
785 3057 859 3122 libri
882 3054 975 3137 quasi
996 3059 1200 3120 nronumenta
1215 3054 1368 3136 quaedam

170 3165 246 3226 sunt
275 3159 465 3242 eloquentiae
494 3160 678 3239 bohemica,
711 3159 883 3243 inquibus
913 3177 973 3225 nec
1006 3159 1196 3240 elegantiam
1234 3157 1370 3225 dicendi

169 3282 273 3344 neque
295 3265 481 3346 gravitatem
505 3264 746 3331 desideraveris.

231 3517 233 3522 -
272 3473 396 3539 Dabam
417 3471 616 3540 Vindobona
639 3472 710 3538 Kal.
733 3472 812 3538 Nou.
839 3473 931 3538 1874.

665 3767 732 3837 Dr.
755 3763 1086 3854 Harmanegildus
1107 3763 1275 3837 liredek.
