3034 4938
548 1147 1000 1258 PRAEFATIO.

277 1471 381 1554 Operis
405 1491 419 1530 a
443 1469 526 1531 nobis
550 1471 668 1532 instituti
700 1471 779 1554 quod
804 1469 940 1532 Codicem
969 1469 1040 1550 juris
1064 1469 1208 1534 bohemici
1235 1470 1362 1552 inserip-

168 1578 273 1656 simus,
295 1575 367 1637 iiber
390 1573 471 1636 hicce
507 1595 572 1658 pars
600 1583 644 1638 est
673 1573 754 1635 Tomi
789 1573 863 1637 tertii
887 1576 1024 1644 secunda.
1060 1595 1124 1658 que
1166 1595 1254 1656 quum
1286 1573 1362 1636 Juris

167 1680 268 1742 Terre
293 1689 478 1742 monumenta
507 1678 614 1742 secuto
651 1679 709 1742 XV.
742 1679 900 1762 perscripta
935 1679 1151 1764 complectetur,
1175 1698 1240 1740 eum
1275 1678 1360 1740 voiu-

167 1785 249 1848 mine
272 1783 419 1866 reiparte
442 1783 571 1846 secunda
597 1783 677 1845 Tomi
702 1782 823 1846 secundi
854 1784 891 1845 itu
928 1783 1072 1859 cohaeret,
1097 1793 1128 1846 ut
1155 1782 1300 1846 materiem
1326 1783 1363 1844 iti
1433 1853 1436 1864 y

170 1889 337 1952 inchoatam
360 1889 526 1950 continuere
549 1887 689 1948 videatur.

275 1991 372 2054 insunt
393 2000 488 2067 eutem
512 1991 541 2052 in
564 1991 619 2053 hou
643 1991 802 2054 novissimo
825 1991 987 2054 volumine:

274 2096 292 2160 l.
319 2094 473 2158 Sententiae
501 2117 515 2157 a
537 2095 646 2178 judicio
676 2105 758 2158 terrae
786 2095 1083 2160 tatae...............t³.
1111 2091 1247 2156 t-tt8.

274 2199 303 2262 li.
327 2199 434 2261 ilberti
450 2196 554 2280 Ojtrab
568 2197 702 2264 Otedttic
722 2198 806 2262 Liber
842 2200 1049 2288 sententiarum

240 2325 299 2387 que
327 2325 342 2365 e
367 2305 567 2386 terraejudieio
592 2306 664 2368 inter
687 2325 731 2368 aa.
757 2301 1052 2366 teto-ttetsunt

237 2409 300 2470 iate
309 2453 1048 2474 ....................................................
1053 2407 1081 2470 P.
1110 2403 1283 2468 tte-tet

275 2512 317 2574 iil.
341 2510 419 2577 Ordo
450 2513 555 2594 egendi
578 2513 738 2575 minoribus
761 2521 844 2574 terre
877 2513 977 2594 judieii
1003 2511 1051 2573 oi-

235 2616 376 2679 fieiaiibus
398 2617 584 2700 prescriptos
607 2621 660 2696 (ee.
686 2614 1077 2702 troo-true.).........e.
1106 2611 1283 2676 tet-too.

277 2719 319 2781 tv·
343 2717 419 2782 Ordo
453 2729 580 2783 taxarum
613 2741 678 2804 quae
713 2720 789 2802 apud
823 2731 905 2784 tetrae
944 2721 1053 2782 tabutas

234 2825 311 2910 exigi
335 2825 482 2888 solebant:
512 2823 542 2912 a)
565 2805 624 2887 titt
649 2846 667 2886 u
690 2825 770 2891 desit.
794 2825 822 2907 t)
846 2823 932 2887 Prtvu
956 2828 1052 2906 pisar-

234 2930 294 2994 stt.
318 2937 349 3006 e)
373 2929 442 2992 Tato
463 2933 510 3012 jeu
534 2929 722 3012 prtvu,'je§tu
746 2926 846 3010 sluseji
870 2949 905 2990 na
929 2930 1053 2990 miestu-

235 3037 338 3118 pisato.
373 3033 406 3120 d)
431 3033 575 3096 Memoriae
614 3033 787 3098 officialium.
819 3037 852 3110 e)
874 3033 1010 3094 Victorini
1037 3053 1051 3094 a

236 3138 344 3201 Vseirrd
368 3137 504 3201 Memoria
526 3147 683 3220 proventus
712 3137 877 3200 officialium
902 3145 1046 3220 spectans.
1058 3135 1088 3198 P.
1112 3133 1294 3196 tot-eto,
1390 3152 1395 3161 ·

275 3242 468 3306 Praemissum
492 3252 538 3305 est
559 3241 743 3306 solummodo
768 3241 913 3325 quoddam
929 3241 1052 3324 supple-

243 3357 376 3422 mentum,
406 3348 556 3430 pertinens
584 3347 619 3410 ad
644 3358 754 3431 partem
789 3347 946 3415 secundem
970 3345 1051 3408 Tomi

241 3453 370 3525 secundi,
395 3452 620 3514 commentarius
652 3451 761 3518 suiiieet
783 3453 819 3514 de
842 3452 1047 3514 instauratione

238 3565 266 3618 et
298 3567 371 3620 statu
406 3559 624 3640 magistratuum
658 3565 742 3620 terre
780 3557 905 3638 scriptus
928 3558 1002 3618 inter
1025 3577 1050 3622 a.

238 3657 460 3724 ttttt-ttlt.

344 3867 450 3932 [tabem
473 3866 654 3929 Vindobonae
682 3867 740 3930 ttat.
764 3866 842 3950 Sept.
869 3863 960 3931 1875.
